<?xml version="1.0" encoding="UTF-8"?><collection xmlns="http://www.loc.gov/MARC21/slim"><record><leader>00501nam--2200181-i-4500</leader><controlfield tag="001">000024433</controlfield><controlfield tag="002">20161230</controlfield><controlfield tag="005">20161230201035</controlfield><controlfield tag="008">060222s1000------------r-----000-0-eng-d</controlfield><datafield ind1=" " ind2=" " tag="040"><subfield code="a">IFIN -HH</subfield></datafield><datafield ind1=" " ind2=" " tag="080"><subfield code="a">51(08)</subfield></datafield><datafield ind1="1" ind2=" " tag="100"><subfield code="a">Hansen, Eldon R</subfield></datafield><datafield ind1="1" ind2="0" tag="245"><subfield code="a">A table of series and products</subfield><subfield code="c">Eldon r. hansen</subfield></datafield><datafield ind1=" " ind2=" " tag="260"><subfield code="a">Englewood</subfield><subfield code="b">Prentice-hall, Inc</subfield><subfield code="c">1975</subfield></datafield><datafield ind1=" " ind2=" " tag="300"><subfield code="a">XVIII + 523 P</subfield></datafield><datafield ind1=" " ind2=" " tag="490"><subfield code="a">Prentice-hall Series In Automatic Computation</subfield></datafield><datafield ind1=" " ind2=" " tag="852"><subfield code="a">76299</subfield><subfield code="c">51</subfield></datafield><datafield ind1=" " ind2=" " tag="CAT"><subfield code="a">Sys</subfield><subfield code="c">20160209</subfield><subfield code="h">143853</subfield></datafield></record></collection>